@inproceedings{Prasad08thepenn,
  author = {Rashmi Prasad and Nikhil Dinesh and Alan Lee and Eleni Miltsakaki and Livio Robaldo and Aravind Joshi and Bonnie Webber},
  title = {The Penn Discourse TreeBank 2.0},
  booktitle = {In Proceedings of LREC},
  year = {2008}
}

@inproceedings{pitler2009using,
     author = {Pitler, Emily and Nenkova, Ani},
     title = {Using Syntax to Disambiguate Explicit Discourse Connectives in Text},
     booktitle = {Proceedings of the ACL-IJCNLP 2009 Conference Short Papers},
     series = {ACLShort '09},
     year = {2009},
     location = {Suntec, Singapore},
     pages = {13--16},
     numpages = {4},
     url = {http://dl.acm.org/citation.cfm?id=1667583.1667589},
     acmid = {1667589},
     publisher = {Association for Computational Linguistics},
     address = {Stroudsburg, PA, USA},
}
